@book{ABNT,
	address = "Rio de Janeiro - RJ",
	author = " ABNT",
	publisher = "ABNT",
	title = "{ASSOCIAÇÃO BRASILEIRA DE NORMAS TÉCNICAS, NBR 14724: informação e documentação:trabalhos acadêmicos:apresentação }",
	year = "2011"
}

% Referências da Introdução
@book{norman2013design,
  author    = {Donald A. Norman},
  title     = {O design do dia a dia},
  publisher = {Rocco},
  address   = {Rio de Janeiro},
  year      = {2013}
}

@book{sommerville2011,
  author    = {Ian Sommerville},
  title     = {Engenharia de Software},
  edition   = {9},
  publisher = {Pearson Prentice Hall},
  address   = {São Paulo},
  year      = {2011}
}

% fim das referencias da introducao

%inicio referencias justificativa
@book{preece2013,
  author    = {Jennifer Preece and Yvonne Rogers and Helen Sharp},
  title     = {Design de Interação: além da interação humano-computador},
  edition   = {3},
  publisher = {Bookman},
  address   = {Porto Alegre},
  year      = {2013}
}

@book{baxter2015,
  author    = {Kathy Baxter and Catherine Courage and Kelly Caine},
  title     = {Understanding Your Users: A Practical Guide to User Research Methods},
  edition   = {2},
  publisher = {Morgan Kaufmann},
  year      = {2015}
}
%fim referencias justificativa

%inicio referencias fundamentacao teorica
@book{castro2019,
  author = {M. Castro and R. Santos},
  title = {Desenvolvimento de Sistemas Web com Foco na Camada de Apresentação},
  publisher = {Novatec},
  year = {2019},
  address = {São Paulo}
}

@book{feathers2004,
  author = {Michael C. Feathers},
  title = {Working Effectively with Legacy Code},
  publisher = {Prentice Hall},
  year = {2004},
  address = {Upper Saddle River}
}

@misc{vercel2025,
  author = {Vercel},
  title = {Next.js Documentation},
  year = {2025},
  note = {\url{https://nextjs.org/docs}},
  howpublished = {Acessado em: 18 de maio de 2025.}
}

@book{helmer2021,
  author = {Carl Helmer},
  title = {TypeScript for Professionals: A Practical Guide to Understanding Type Safety in Modern Web Applications},
  year = {2021},
  edition = {1}
}

@misc{google2021,
  author = {Google},
  title = {Material Design Guidelines},
  year = {2021},
  note = {\url{https://material.io/design}},
  howpublished = {Accessed: 2025-04-18}
}

@article{molina2020,
  author = {G. Molina and T. Souza and V. Rodrigues},
  title = {Testes Automatizados em Aplicações Front-End: Práticas e Ferramentas},
  journal = {Revista Brasileira de Computação Aplicada},
  volume = {12},
  number = {2},
  pages = {45--60},
  year = {2020}
}

@book{nielsen1995,
  author = {Jakob Nielsen},
  title = {Usability Engineering},
  publisher = {Morgan Kaufmann},
  year = {1995},
  address = {San Diego}
}

@book{ferreira2018,
  author = {D. Ferreira and L. Oliveira and C. Moraes},
  title = {Sistemas de Informação: Uma Abordagem Prática para Gestão},
  edition = {2},
  publisher = {Ciência Moderna},
  year = {2018},
  address = {Rio de Janeiro}
}

@book{few2013,
  author = {Stephen Few},
  title = {Information Dashboard Design: The Effective Visual Communication of Data},
  edition = {2},
  publisher = {Analytics Press},
  year = {2013},
  address = {Burlingame}
}

@article{jardim2021,
  author = {R. Jardim and M. Silva},
  title = {Automatização de Processos e Integração de Sistemas na Web: Desafios e Benefícios},
  journal = {Revista de Tecnologia e Sistemas},
  volume = {9},
  number = {1},
  pages = {12--28},
  year = {2021}
}

@misc{mdn2025,
  author = {Mozilla Developer Network},
  title = {Utilizando Server-Sent Events},
  year = {2025},
  note = {\url{https://developer.mozilla.org/pt-BR/docs/Web/API/Server-sent_events/Using_server-sent_events}},
  howpublished = {Accessed: 2025-05-25}
}

%fim referencias fundamentacao teorica

%INICIO REFERENCIAS RESULTADOESPERADOS

@book{pressman2016,
  author    = {Roger S. Pressman and Bruce R. Maxim},
  title     = {Engenharia de Software: Uma Abordagem Profissional},
  edition   = {8},
  publisher = {AMGH},
  year      = {2016}
}


@book{laudon2020,
  author    = {Kenneth C. Laudon and Jane P. Laudon},
  title     = {Sistemas de Informação Gerenciais},
  publisher = {Pearson},
  year      = {2020}
}

@book{gamma1995,
  author    = {Erich Gamma and Richard Helm and Ralph Johnson and John Vlissides},
  title     = {Design Patterns: Elements of Reusable Object-Oriented Software},
  publisher = {Addison-Wesley},
  year      = {1995}
}

%FIM REFERENCIAS RESULTADOESPERADOS

%Ref prototipacao
@misc{figma_docs,
  author = {{Figma}},
  title = {Figma: the collaborative interface design tool},
  year = {2025},
  url = {https://www.figma.com/},
  note = {Acessado em: 31 maio 2025}
}
%Ref prototipacao